@misc{enwiki:similarity,
    author = "{Wikipedia contributors}",
    title = "Similarity measure --- {Wikipedia}{,} The Free Encyclopedia",
    year = "2021",
    url = "https://en.wikipedia.org/w/index.php?title=Similarity_measure&oldid=1007400511",
    note = "[Online; accessed 10-May-2021]"
}